@author{MainAuthor,
  author = {test}
}

@Book{halim2013competitive,
  title={Competitive programming 3},
  author={Halim, Steven and Halim, Felix and Skiena, Steven S and Revilla, Miguel A},
  year={2013},
  publisher={Citeseer},
  pages={1}
}

@inproceedings{Bora2016PredictingAA,
  title={Predicting algorithmic approach for programming problems from natural language problem description},
  author={Ashish Bora and Abhishek Sinha},
  year={2016},
  url={https://api.semanticscholar.org/CorpusID:43986691}
}

@article{Liu2017LearningEB,
  title={Learning Effective Binary Descriptors via Cross Entropy},
  author={L. Liu and Hairong Qi},
  journal={2017 IEEE Winter Conference on Applications of Computer Vision (WACV)},
  year={2017},
  pages={1251-1258},
  url={https://api.semanticscholar.org/CorpusID:7909651}
}

@misc{loshchilov2019decoupled,
      title={Decoupled Weight Decay Regularization}, 
      author={Ilya Loshchilov and Frank Hutter},
      year={2019},
      eprint={1711.05101},
      archivePrefix={arXiv},
      primaryClass={cs.LG}
}

@article{athavale2019,
  author = {athavale, vinayak and Naik, Aayush and vanjape, rajas and Shrivastava, Manish},
  year = {2019},
  month = {03},
  pages = {},
  title = {Predicting Algorithm Classes for Programming Word Problems}
}

@article{alphacode,
   title={Competition-level code generation with AlphaCode},
   volume={378},
   ISSN={1095-9203},
   url={http://dx.doi.org/10.1126/science.abq1158},
   DOI={10.1126/science.abq1158},
   number={6624},
   journal={Science},
   publisher={American Association for the Advancement of Science (AAAS)},
   author={Li, Yujia and Choi, David and Chung, Junyoung and Kushman, Nate and Schrittwieser, Julian and Leblond, Rémi and Eccles, Tom and Keeling, James and Gimeno, Felix and Dal Lago, Agustin and Hubert, Thomas and Choy, Peter and de Masson d’Autume, Cyprien and Babuschkin, Igor and Chen, Xinyun and Huang, Po-Sen and Welbl, Johannes and Gowal, Sven and Cherepanov, Alexey and Molloy, James and Mankowitz, Daniel J. and Sutherland Robson, Esme and Kohli, Pushmeet and de Freitas, Nando and Kavukcuoglu, Koray and Vinyals, Oriol},
   year={2022},
   month=dec, pages={1092–1097} 
}

@misc{iancu2019multilabel,
      title={Multi-label Classification for Automatic Tag Prediction in the Context of Programming Challenges}, 
      author={Bianca Iancu and Gabriele Mazzola and Kyriakos Psarakis and Panagiotis Soilis},
      year={2019},
      eprint={1911.12224},
      archivePrefix={arXiv},
      primaryClass={cs.LG}
}

@misc{devlin2019bert,
      title={BERT: Pre-training of Deep Bidirectional Transformers for Language Understanding}, 
      author={Jacob Devlin and Ming-Wei Chang and Kenton Lee and Kristina Toutanova},
      year={2019},
      eprint={1810.04805},
      archivePrefix={arXiv},
      primaryClass={cs.CL}
}

@misc{lokat2023tag,
      title={Tag Prediction of Competitive Programming Problems using Deep Learning Techniques}, 
      author={Taha Lokat and Divyam Prajapati and Shubhada Labde},
      year={2023},
      eprint={2308.01863},
      archivePrefix={arXiv},
      primaryClass={cs.CL}
}

@misc{lobanov2023predicting,
      title={Predicting Tags For Programming Tasks by Combining Textual And Source Code Data}, 
      author={Artyom Lobanov and Egor Bogomolov and Yaroslav Golubev and Mikhail Mirzayanov and Timofey Bryksin},
      year={2023},
      eprint={2301.04597},
      archivePrefix={arXiv},
      primaryClass={cs.SE}
}

@inproceedings{langley00,
 author    = {P. Langley},
 title     = {Crafting Papers on Machine Learning},
 year      = {2000},
 pages     = {1207--1216},
 editor    = {Pat Langley},
 booktitle     = {Proceedings of the 17th International Conference
              on Machine Learning (ICML 2000)},
 address   = {Stanford, CA},
 publisher = {Morgan Kaufmann}
}

@TechReport{mitchell80,
  author = 	 "T. M. Mitchell",
  title = 	 "The Need for Biases in Learning Generalizations",
  institution =  "Computer Science Department, Rutgers University",
  year = 	 "1980",
  address =	 "New Brunswick, MA",
}